@MISC{WikipediaEN:CBC,
    author = {{Wikimedia Commons, the free media repository}},
    title = {File:Cbc encryption.png},
    year = {2006},
    note = {[Online; accessed January 10, 2022]},
    url = {https://commons.wikimedia.org/wiki/File:Cbc_encryption.png}
}

@MISC {68046596,
    TITLE = {Create jpg/png from encrypted image},
    AUTHOR = {Rotem (https://stackoverflow.com/users/4926757/rotem)},
    HOWPUBLISHED = {Stack Overflow},
    NOTE = {URL:https://stackoverflow.com/a/68060392 (version: 2022-01-10)},
    URL = {https://stackoverflow.com/a/68060392}
}